@article{annscaling,
    author = {Magdalen Dobson and Zheqi Shen and Guy E. Blelloch and Laxman
              Dhulipala and Yan Gu and Harsha Vardhan Simhadri and Yihan Sun},
    title = {Scaling Graph-Based {ANNS} Algorithms to Billion-Size Datasets: {A}
             Comparative Analysis},
    journal = {CoRR},
    volume = {abs/2305.04359},
    year = {2023},
    url = {https://doi.org/10.48550/arXiv.2305.04359},
    doi = {10.48550/arXiv.2305.04359},
    eprinttype = {arXiv},
    eprint = {2305.04359},
}

@article{hnsw,
    title = {Efficient and robust approximate nearest neighbor search using
             hierarchical navigable small world graphs},
    author = {Malkov, Yu A and Yashunin, Dmitry A},
    journal = {IEEE transactions on pattern analysis and machine intelligence},
    volume = {42},
    number = {4},
    pages = {824--836},
    year = {2018},
    publisher = {IEEE},
}
@inproceedings{diskann-paper,
    author = {Jayaram Subramanya, Suhas and Devvrit, Fnu and Simhadri, Harsha
              Vardhan and Krishnawamy, Ravishankar and Kadekodi, Rohan},
    booktitle = {Advances in Neural Information Processing Systems},
    editor = {H. Wallach and H. Larochelle and A. Beygelzimer and F. d
              \textquotesingle Alch\'{e}-Buc and E. Fox and R. Garnett},
    pages = {},
    publisher = {Curran Associates, Inc.},
    title = {DiskANN: Fast Accurate Billion-point Nearest Neighbor Search on a
             Single Node},
    url = {
           https://proceedings.neurips.cc/paper_files/paper/2019/file/09853c7fb1d3f8ee67a61b6bf4a7f8e6-Paper.pdf
           },
    volume = {32},
    year = {2019},
}


@misc{diskann-github,
    author = {Simhadri, Harsha Vardhan and Krishnaswamy, Ravishankar and
              Srinivasa, Gopal and Subramanya, Suhas Jayaram and Antonijevic,
              Andrija and Pryce, Dax and Kaczynski, David and Williams, Shane and
              Gollapudi, Siddarth and Sivashankar, Varun and Karia, Neel and
              Singh, Aditi and Jaiswal, Shikhar and Mahapatro, Neelam and Adams,
              Philip and Tower, Bryan and Patel, Yash},
},
   title = {{DiskANN: Graph-structured Indices for Scalable, Fast, Fresh and Filtered Approximate Nearest Neighbor Search}},
   url = {https://github.com/Microsoft/DiskANN},
   version = {0.6.1},
   year = {2023}
}

@article{faiss-github,
    title = {Billion-scale similarity search with {GPUs}},
    author = {Johnson, Jeff and Douze, Matthijs and J{\'e}gou, Herv{\'e}},
    journal = {IEEE Transactions on Big Data},
    volume = {7},
    number = {3},
    pages = {535--547},
    year = {2019},
    publisher = {IEEE},
}

@article{survey2,
    author = {Mengzhao Wang and Xiaoliang Xu and Qiang Yue and Yuxiang Wang},
    title = {A Comprehensive Survey and Experimental Comparison of Graph-Based
             Approximate Nearest Neighbor Search},
    journal = {CoRR},
    volume = {abs/2101.12631},
    year = {2021},
    url = {https://arxiv.org/abs/2101.12631},
    eprinttype = {arXiv},
    eprint = {2101.12631},
    timestamp = {Tue, 02 Feb 2021 09:52:17 +0100},
    biburl = {https://dblp.org/rec/journals/corr/abs-2101-12631.bib},
    bibsource = {dblp computer science bibliography, https://dblp.org},
}

@article{lanns,
    author = {Ishita Doshi and Dhritiman Das and Ashish Bhutani and Rajeev Kumar
              and Rushi Bhatt and Niranjan Balasubramanian},
    title = {{LANNS:} {A} Web-Scale Approximate Nearest Neighbor Lookup System},
    journal = {CoRR},
    volume = {abs/2010.09426},
    year = {2020},
    url = {https://arxiv.org/abs/2010.09426},
    eprinttype = {arXiv},
    eprint = {2010.09426},
    timestamp = {Wed, 21 Oct 2020 12:11:48 +0200},
    biburl = {https://dblp.org/rec/journals/corr/abs-2010-09426.bib},
    bibsource = {dblp computer science bibliography, https://dblp.org},
}

@article{sift,
    TITLE = {{Product Quantization for Nearest Neighbor Search}},
    AUTHOR = {J{\'e}gou, Herv{\'e} and Douze, Matthijs and Schmid, Cordelia},
    URL = {https://inria.hal.science/inria-00514462},
    JOURNAL = {{IEEE Transactions on Pattern Analysis and Machine Intelligence}},
    PUBLISHER = {{Institute of Electrical and Electronics Engineers}},
    VOLUME = {33},
    NUMBER = {1},
    PAGES = {117-128},
    YEAR = {2011},
    MONTH = Jan,
    DOI = {10.1109/TPAMI.2010.57},
    KEYWORDS = {Sorting and searching ; Computer vision ; Representations ; data
                structures ; transforms},
    PDF = {
           https://inria.hal.science/inria-00514462v2/file/jegou_pq_postprint.pdf
           },
    HAL_ID = {inria-00514462},
    HAL_VERSION = {v2},
}
